90000000         2090183800001990000000000000000000001234204321000000000EMPRESA                       C ECON FEDERAL                          20601201405551100162204000000                    RETORNO-PRODUCAO                  000
90000011T0100030 20090183800001990000000000000000000001234204321000000000EMPRESA                                                                                                       00001622060120140000000000                          00
9000001300001T 060000000432100000000   240000000111369979100000000000000002012014000000000008000000010860000000000000000          090000000000000000                                                  000000000000125020101
9000001300002U 06000000000000000000000000000000000000000000000000000000000000000000000008000000000000008000000000000000000000000000000000060120140701201400000701201400000000000000000000000000000000000000000000000000000000000000000000
10400015         00002000000000000000000000000000000000000000000000000000000000000000000000000000000000000000000000
90099999         000001000022
